<?xml version="1.0" encoding="UTF-8"?><collection xmlns="http://www.loc.gov/MARC21/slim"><record><leader>00699nam--2200193-i-4500</leader><controlfield tag="001">000018650</controlfield><controlfield tag="002">20161230</controlfield><controlfield tag="005">20170121235243</controlfield><controlfield tag="008">060222s1000------------r-----000-0-fre-d</controlfield><datafield ind1=" " ind2=" " tag="040"><subfield code="a">IFIN-HH</subfield></datafield><datafield ind1=" " ind2=" " tag="041"><subfield code="a">fre</subfield></datafield><datafield ind1=" " ind2=" " tag="080"><subfield code="a">539.18</subfield></datafield><datafield ind1="1" ind2=" " tag="100"><subfield code="a">Broglie, Louis De</subfield></datafield><datafield ind1="1" ind2="0" tag="245"><subfield code="a">Ecrits sur l`atome</subfield><subfield code="b">Louis de Broglie, Frederic et Irene Joliot-Curie, Jean Perrin, Urbain, Mendelee, Avogadro, Ampere Kant, Voltaire, Leibniz, Etienne Pavillion, Descartes, Giordano Bruno, Psellos, Lucrece, Eicure, Anaxagore, Democrite, Leucippe</subfield><subfield code="c">Louis de Broglie</subfield></datafield><datafield ind1=" " ind2=" " tag="260"><subfield code="a">Paris</subfield><subfield code="b">Edition Seghers</subfield><subfield code="c">1963</subfield></datafield><datafield ind1=" " ind2=" " tag="300"><subfield code="a">189 p</subfield></datafield><datafield ind1=" " ind2=" " tag="490"><subfield code="a">Collection Ecrits</subfield></datafield><datafield ind1=" " ind2=" " tag="852"><subfield code="a">19563</subfield><subfield code="c">539.18</subfield></datafield><datafield ind1=" " ind2=" " tag="CAT"><subfield code="a">SYS</subfield><subfield code="c">20170121</subfield><subfield code="h">235243</subfield></datafield></record></collection>